@article{test_article,
    author = "Craig McDee",
    title = "An episode of discontent",
    journal = "Nature",
    year = "1333",
}
